@misc{ wiki:gnu,
       author = "Wikipedia",
       title = "GNU General Public License --- Wikipedia{,} La enciclopedia libre",
       year = "2005",
       url = "https://es.wikipedia.org/wiki/GNU_General_Public_License",
       note = "[Internet; descargado Junio-2019]"
}
